@ARTICLE{UFP2010,
    author = {Vladimir Voevodsky},
    title = {Univalent Foundations Project},
    year = {2010},
}

@Book{hottbook,
  author =    {The {Univalent Foundations Program}},
  title =     {Homotopy Type Theory: Univalent Foundations of Mathematics},
  publisher = {\url{https://homotopytypetheory.org/book}},
  address =   {Institute for Advanced Study},
  year =      2013}

@MISC{MLTT,
    author = {Per Martin-LÃ¶f},
    title = {An intuitionistic theory of types},
    year = {}
}

@article{CohenCHM16,
  author    = {Cyril Cohen and
               Thierry Coquand and
               Simon Huber and
               Anders M{\"{o}}rtberg},
  title     = {Cubical Type Theory: a constructive interpretation of the univalence
               axiom},
  journal   = {CoRR},
  volume    = {abs/1611.02108},
  year      = {2016},
  url       = {http://arxiv.org/abs/1611.02108},
  archivePrefix = {arXiv},
  eprint    = {1611.02108},
  timestamp = {Mon, 13 Aug 2018 16:48:16 +0200},
  biburl    = {https://dblp.org/rec/bib/journals/corr/CohenCHM16},
  bibsource = {dblp computer science bibliography, https://dblp.org}
}

@online{Grp1,
	title = {groupoid/arend},
	url = {https://github.com/groupoid/arend}
}